<?xml version="1.0" encoding="UTF-8"?><collection xmlns="http://www.loc.gov/MARC21/slim"><record><leader>00467nam--2200145-i-4500</leader><controlfield tag="001">000011843</controlfield><controlfield tag="002">20161230</controlfield><controlfield tag="005">20161230201029</controlfield><controlfield tag="008">060222s1000------------r-----000-0-eng-d</controlfield><datafield ind1=" " ind2=" " tag="080"><subfield code="a">511</subfield></datafield><datafield ind1=" " ind2=" " tag="100"><subfield code="a">Asser, G</subfield></datafield><datafield ind1=" " ind2=" " tag="245"><subfield code="a">Grundbergiffe der matematik. 1. mengen. abbil dungen. naturliche zahlen. mit 9 abbildungen, zweite, berchtigte auflage</subfield></datafield><datafield ind1=" " ind2=" " tag="260"><subfield code="a">Berlin, Veb Deutscher Verlag Der Wisseschaften 1975 192 P</subfield></datafield><datafield ind1=" " ind2=" " tag="490"><subfield code="a">Matematik Fur Lehrer Band</subfield></datafield><datafield ind1=" " ind2=" " tag="852"><subfield code="a">43791</subfield></datafield></record></collection>